<?xml version="1.0" encoding="UTF-8"?><collection xmlns="http://www.loc.gov/MARC21/slim"><record><leader>00540nam--2200181-i-4500</leader><controlfield tag="001">000016790</controlfield><controlfield tag="002">20161230</controlfield><controlfield tag="005">20170102212227</controlfield><controlfield tag="008">060222s1000------------r-----000-0-rum-d</controlfield><datafield ind1=" " ind2=" " tag="040"><subfield code="a">IFIN-HH</subfield></datafield><datafield ind1=" " ind2=" " tag="041"><subfield code="a">rum</subfield></datafield><datafield ind1=" " ind2=" " tag="080"><subfield code="a">539.14(075)</subfield></datafield><datafield ind1="1" ind2=" " tag="100"><subfield code="a">Besliu, Calin</subfield></datafield><datafield ind1="1" ind2="0" tag="245"><subfield code="a">Complemente de fizica si structura nucleului partea i interactiunea nucleon-nucleon si potentialul nuclear</subfield><subfield code="b">Note de curs</subfield></datafield><datafield ind1=" " ind2=" " tag="260"><subfield code="a">Bucuresti</subfield><subfield code="b">Institutul Central De Fizica</subfield><subfield code="c">1988</subfield></datafield><datafield ind1=" " ind2=" " tag="300"><subfield code="a">318 p</subfield></datafield><datafield ind1=" " ind2=" " tag="852"><subfield code="a">74954</subfield><subfield code="c">539.14</subfield></datafield><datafield ind1=" " ind2=" " tag="CAT"><subfield code="a">SYS</subfield><subfield code="c">20170102</subfield><subfield code="h">212227</subfield></datafield></record></collection>